<?xml version="1.0" encoding="UTF-8"?><collection xmlns="http://www.loc.gov/MARC21/slim"><record><leader>00508nam--2200157-i-4500</leader><controlfield tag="001">000032622</controlfield><controlfield tag="002">20161230</controlfield><controlfield tag="005">20161230201039</controlfield><controlfield tag="008">060222s1000------------r-----000-0-eng-d</controlfield><datafield ind1=" " ind2=" " tag="080"><subfield code="a">519.876.5</subfield></datafield><datafield ind1="1" ind2="0" tag="100"><subfield code="a">Kralik, Jaroslav; Stieger, Petr; Vostry, Zdenek; Zavorka, Jiri</subfield></datafield><datafield ind1=" " ind2=" " tag="245"><subfield code="a">Modelovani dynamiky rozsahlych siti a aplikaci na plynarenske systemy</subfield></datafield><datafield ind1=" " ind2=" " tag="260"><subfield code="a">Praha, Academia, 1984, 364p</subfield></datafield><datafield ind1=" " ind2=" " tag="700"><subfield code="a">Kralik, Jaroslav., Stiegler, Petr./S.A.</subfield></datafield><datafield ind1=" " ind2=" " tag="852"><subfield code="a">72369</subfield><subfield code="c">517.11</subfield></datafield><datafield ind1=" " ind2=" " tag="CAT"><subfield code="a">Sys</subfield><subfield code="c">20080715</subfield><subfield code="h">130215</subfield></datafield></record></collection>